<?xml version="1.0" encoding="UTF-8"?><collection xmlns="http://www.loc.gov/MARC21/slim"><record><leader>00638nam--2200181-i-4500</leader><controlfield tag="001">000020766</controlfield><controlfield tag="002">20161230</controlfield><controlfield tag="005">20161230201033</controlfield><controlfield tag="008">060222s1000------------r-----000-0-eng-d</controlfield><datafield ind1=" " ind2=" " tag="020"><subfield code="a">9603190853</subfield></datafield><datafield ind1=" " ind2=" " tag="040"><subfield code="a">IFIN-HH</subfield></datafield><datafield ind1=" " ind2=" " tag="080"><subfield code="a">539.1(061.3)</subfield></datafield><datafield ind1="1" ind2=" " tag="100"><subfield code="a">Panos, Constantine N</subfield></datafield><datafield ind1="1" ind2="0" tag="245"><subfield code="a">Advances in nuclear physics</subfield><subfield code="b">Proceedings of the 6th hellenic symposium on nuclear physics; hellenic nuclear physics society; technological education institute of piraeus; 26 and 27 may 1995</subfield><subfield code="c">CONSTANTINE N. PANOS (Ed.)</subfield></datafield><datafield ind1=" " ind2=" " tag="260"><subfield code="a">Athens</subfield><subfield code="b">Ion Publishing Group</subfield><subfield code="c">1995</subfield></datafield><datafield ind1=" " ind2=" " tag="300"><subfield code="a">374 P</subfield></datafield><datafield ind1=" " ind2=" " tag="852"><subfield code="a">80810</subfield><subfield code="c">539</subfield></datafield><datafield ind1=" " ind2=" " tag="CAT"><subfield code="a">Sys</subfield><subfield code="c">20110105</subfield><subfield code="h">114642</subfield></datafield></record></collection>